@book{PaulsenRaghupathi,
	author = {Paulsen, V. and Raghupathi, M.},
	year = {2016},
	title = {An Introduction to the Theory of Reproducing Kernel Hilbert Spaces},
	edition = {},
	isbn = {978-3-658-02413-0},
	publisher = {Cambridge University Press},
	doi = {10.1017/CBO9781316219232},
}